@article{robertson-seymour,
  author = {Robertson, N. and Seymour, P. D.},
  title = {Graph Minors. XIII. The Disjoint Paths Problem},
  journal = {Journal of Combinatorial Theory, Series B},
  year = {1995},
  volume = {63},
  pages = {65--110}
}

@article{braverman-rao,
  author = {Braverman, M. and Rao, A.},
  title = {Information Equals Amortized Communication},
  journal = {IEEE Transactions on Information Theory},
  year = {2014},
  volume = {60},
  number = {10},
  pages = {6058--6069}
}

@article{bodlaender,
  author = {Bodlaender, H. L.},
  title = {A Linear-Time Algorithm for Finding Tree-Decompositions of Small Treewidth},
  journal = {SIAM Journal on Computing},
  year = {1996},
  volume = {25},
  number = {6},
  pages = {1305--1317}
}

@incollection{tseitin,
  author = {Tseitin, G. S.},
  title = {On the Complexity of Derivation in Propositional Calculus},
  booktitle = {Studies in Constructive Mathematics and Mathematical Logic},
  year = {1968},
  pages = {115--125}
}

@article{impagliazzo,
  author = {Impagliazzo, R. and Pudl{\'a}k, P. and Sgall, J.},
  title = {Lower Bounds for the Polynomial Calculus and the Gr{\"o}bner Basis Algorithm},
  journal = {Computational Complexity},
  year = {1999},
  volume = {8},
  pages = {127--144}
}

@article{lubotzky,
  author = {Lubotzky, A. and Phillips, R. and Sarnak, P.},
  title = {Ramanujan Graphs},
  journal = {Combinatorica},
  year = {1988},
  volume = {8},
  number = {3},
  pages = {261--277}
}

@inproceedings{lean4,
  author = {de Moura, L. and Ullrich, S.},
  title = {The Lean 4 Theorem Prover and Programming Language},
  booktitle = {Automated Deduction -- CADE 28},
  year = {2021},
  pages = {625--635}
}

@article{razborov-rudich,
  author = {Razborov, A. A. and Rudich, S.},
  title = {Natural Proofs},
  journal = {Journal of Computer and System Sciences},
  year = {1997},
  volume = {55},
  number = {1},
  pages = {24--35}
}

@inproceedings{aaronson-wigderson,
  author = {Aaronson, S. and Wigderson, A.},
  title = {Algebrization: A New Barrier in Complexity Theory},
  booktitle = {Proceedings of the 40th Annual ACM Symposium on Theory of Computing (STOC)},
  year = {2008},
  pages = {731--740}
}
